@TECHREPORT{BarFT-RR-17,
  author =	 {Clark Barrett and Pascal Fontaine and Cesare Tinelli},
  title =	 {{The SMT-LIB Standard: Version 2.6}},
  institution =	 {Department of Computer Science, The University of Iowa},
  year =	 2017,
  note =	 {Available at \url{www.SMT-LIB.org}}
}

@article{sygusFormat,
author = {Raghothaman, Mukund and Udupa, Abhishek},
year = {2014},
month = {05},
pages = {},
title = {Language to Specify Syntax-Guided Synthesis Problems}
}

@misc{smtlibStrings,
  author = {Cesare Tinelli and Clark Barrett and Pascal Fontaine},
  title = {{Unicode Strings (Draft 1.0)}},
  howpublished = {\url{http://smtlib.cs.uiowa.edu/theories-UnicodeStrings.shtml}},
  year = 2018,
}
