@Misc{AlchemistCS,
	author = {Daniel Neider and Shambwaditya Saha and P. Madhusudan},
	title = {Alchemist CS: An SMT-based synthesizer for Functions in Linear Integer Arithmetic},
	month = {June},
	year = {2015},
	note = {Private Communication}
}

@Misc{AlchemistCSDT,
	author = {Shambwaditya Saha and Daniel Neider and P. Madhusudan},
	title = {Alchemist CS DT: Synthesizing Guarded Affine Functions using Constraint Solving and Decision-tree Learning},
	month = {June},
	year = {2015},
	note = {Private Communication}
}

@MISC{icfp,
    author = {Takuya Akiba and Kentaro Imajo and Hiroaki Iwami and Yoichi Iwata and Toshiki Kataoka and Naohiro Takahashi and Michał Moskal and Nikhil Swamy},
    title = {Calibrating Research in Program Synthesis Using 72,000 Hours of Programmer Time},
    booktitle={Tech Report},
    year = {2014}
}



@inproceedings{AleksICSE15,
  author    = {Aleksandar Milicevic and
               Joseph P. Near and
               Eunsuk Kang and
               Daniel Jackson},
  title     = {Alloy*: {A} General-Purpose Higher-Order Relational Constraint Solver},
  booktitle = {37th {IEEE/ACM} International Conference on Software Engineering,
               {ICSE} 2015, Florence, Italy, May 16-24, 2015, Volume 1},
  pages     = {609--619},
  year      = {2015},
  timestamp = {Wed, 19 Aug 2015 13:21:45 +0200},
  biburl    = {http://dblp.uni-trier.de/rec/bib/conf/icse/MilicevicNKJ15},
  bibsource = {dblp computer science bibliography, http://dblp.org},
  doi       = {10.1109/ICSE.2015.77},  
}

@inproceedings{AlurCAV15,
  author    = {Rajeev Alur and
               Pavol Cern{\'{y}} and
               Arjun Radhakrishna},
  title     = {Synthesis Through Unification},
  booktitle = {Computer Aided Verification - 27th International Conference, {CAV}
               2015, San Francisco, CA, USA, July 18-24, 2015, Proceedings, Part
               {II}},
  pages     = {163--179},
  year      = {2015},
  timestamp = {Mon, 20 Jul 2015 11:19:16 +0200},
  biburl    = {http://dblp.uni-trier.de/rec/bib/conf/cav/AlurCR15},
  bibsource = {dblp computer science bibliography, http://dblp.org},  
  doi       = {10.1007/978-3-319-21668-3_10},
  
  
}


@article{RaghothamanU14,
	author    = {Mukund Raghothaman and
	Abhishek Udupa},
	title     = {Language to Specify Syntax-Guided Synthesis Problems},
	journal   = {CoRR},
	volume    = {abs/1405.5590},
	year      = {2014},
	timestamp = {Mon, 02 Jun 2014 08:30:36 +0200}, 
}


@misc{SyGuS15format,
	author = {Rajeev Alur and Dana Fisman and P. Madhusudan and Rishabh Singh and Armando Solar-Lezama},
	title = {SyGuS Syntax for SyGuS-COMP’15},
	date = {April 2015},
	subtitle = {http://sygus.seas.upenn.edu/files/SyGuS-Syntax-SyGuSCOMP'15.pdf},
}

@misc{SyGuS15format,
	author = {Rajeev Alur and Dana Fisman and Rishabh Singh and Armando Solar-Lezama},
	title = {SyGuS Syntax for SyGuS-COMP’16},
	date = {April 2016},
	subtitle = {http://sygus.seas.upenn.edu/files/SyGuS-Syntax-SyGuSCOMP'16.pdf},
}


@incollection{SyGuSComp15,
	author = {Rajeev Alur and Dana Fisman and Rishabh Singh and Armando Solar-Lezama},
	title = {Results and Analysis of SyGuS-Comp'15},
	booktitle = {SYNT},
	year = {2015},
	pages = {3-26},
	publisher={EPTCS},
    doi = {10.4204/EPTCS.202.3},
	
}

@inproceedings{SyGuSComp16,
	author    = {Rajeev Alur and
	Dana Fisman and
	Rishabh Singh and
	Armando Solar{-}Lezama},
	title     = {SyGuS-Comp 2016: Results and Analysis},
	booktitle = {Proceedings Fifth Workshop on Synthesis, SYNT@CAV 2016, Toronto, Canada,
	July 17-18, 2016.},
	pages     = {178--202},
	year      = {2016},
	doi       = {10.4204/EPTCS.229.13},
}

@inproceedings{repairbenchmarks,
	author    = {Xuan{-}Bach D. Le and
	Duc{-}Hiep Chu and
	David Lo and
	Claire {Le Goues} and
	Willem Visser},
	title     = {{S3:} syntax- and semantic-guided repair synthesis via programming
	by examples},
	booktitle = {FSE},
	pages ={593--604},
	year      = {2017},
    doi       = {10.1145/3106237.3106309},
}

@incollection{AlurBDF0JKMMRSSSSTU15,
  author    = {Rajeev Alur and
               Rastislav Bod{\'{\i}}k and
               Eric Dallal and
               Dana Fisman and
               Pranav Garg and
               Garvit Juniwal and
               Hadas Kress{-}Gazit and
               P. Madhusudan and
               Milo M. K. Martin and
               Mukund Raghothaman and
               Shambwaditya Saha and
               Sanjit A. Seshia and
               Rishabh Singh and
               Armando Solar{-}Lezama and
               Emina Torlak and
               Abhishek Udupa},
  title     = {Syntax-Guided Synthesis},
  booktitle = {Dependable Software Systems Engineering},
  pages     = {1--25},
  year      = {2015},
  publisher = {{IOS} Press},
  doi       = {10.3233/978-1-61499-495-4-1},    
}

@inproceedings{AlurBJMRSSSTU13,
  author    = {Rajeev Alur and
               Rastislav Bod{\'{\i}}k and
               Garvit Juniwal and
               Milo M. K. Martin and
               Mukund Raghothaman and
               Sanjit A. Seshia and
               Rishabh Singh and
               Armando Solar{-}Lezama and
               Emina Torlak and
               Abhishek Udupa},
  title     = {Syntax-guided synthesis},
  booktitle = {Formal Methods in Computer-Aided Design, {FMCAD} 2013, Portland, OR,
               USA, October 20-23, 2013},
  pages     = {1--8},
  year      = {2013},
}



@inproceedings{GNMR16,
	author    = {Pranav Garg and
	Daniel Neider and
	P. Madhusudan and
	Dan Roth},
	title     = {Learning invariants using decision trees and implication counterexamples},
	booktitle = {Proceedings of the 43rd Annual {ACM} {SIGPLAN-SIGACT} Symposium on
	Principles of Programming Languages, {POPL} 2016, St. Petersburg,
	FL, USA, January 20 - 22, 2016},
	pages     = {499--512},
	year      = {2016},
	doi       = {10.1145/2837614.2837664},
}



@Misc{ICEDT,
	author = {Daniel Neider and P. Madhusudan and Pranav Garg},
	title = {ICE DT: Learning Invariants using Decision Trees and Implication Counterexamples},
	month = {June},
	year = {2015},
	note = {Private Communication}
}

@inproceedings{JeonQSF15,
  author    = {Jinseong Jeon and
               Xiaokang Qiu and
               Armando Solar{-}Lezama and
               Jeffrey S. Foster},
  title     = {Adaptive Concretization for Parallel Program Synthesis},
  booktitle = {Computer Aided Verification - 27th International Conference, {CAV} 2015, 
  			   San Francisco, CA, USA, July 18-24, 2015, Proceedings, Part
               {II}},
  pages     = {377--394},
  year      = {2015},
  doi       = {10.1007/978-3-319-21668-3_22},  
}



@inproceedings{ReynoldsDKTB15,
  author    = {Andrew Reynolds and
               Morgan Deters and
               Viktor Kuncak and
               Cesare Tinelli and
               Clark W. Barrett},
  title     = {Counterexample-Guided Quantifier Instantiation for Synthesis in {SMT}},
  booktitle = {Computer Aided Verification - 27th International Conference, {CAV} 2015,
               San Francisco, CA, USA, July 18-24, 2015, Proceedings, Part
               {II}},
  pages     = {198--216},
  year      = {2015},
  doi       = {10.1007/978-3-319-21668-3_12},  
}


@inproceedings{TorlakB14,
	Author = {Emina Torlak and Rastislav Bod\'{\i}k},
	Bibsource = {DBLP, http://dblp.uni-trier.de},
	Booktitle = {PLDI},
	Pages = {54},
	Title = {A lightweight symbolic virtual machine for solver-aided host languages},
	Year = {2014},
	doi       = {10.1145/2594291.2594340},
}

@inproceedings{Jha2010,
 author = {Jha, Susmit and Gulwani, Sumit and Seshia, Sanjit A. and Tiwari, Ashish},
 title = {Oracle-guided Component-based Program Synthesis},
 booktitle = {Proceedings of the 32Nd ACM/IEEE International Conference on Software Engineering - Volume 1},
 series = {ICSE '10},
 year = {2010},
 isbn = {978-1-60558-719-6},
 location = {Cape Town, South Africa},
 pages = {215--224},
 numpages = {10},
 doi = {10.1145/1806799.1806833},
 acmid = {1806833},
 publisher = {ACM},
 address = {New York, NY, USA},
 keywords = {SAT, SMT, oracle-based learning, program synthesis},
} 

@misc{smtlib,
	author = {Clark Barrett and Aaron Stump and
	Cesare Tinelli},
	title = {The SMT-LIB Standard – Version 2.0},
	date = {2003},
}

@inproceedings{SrivPts,
	author    = {Saurabh Srivastava and
	Sumit Gulwani and
	Jeffrey S. Foster},
	title     = {From program verification to program synthesis},
	booktitle = {Proceedings of the 37th {ACM} {SIGPLAN-SIGACT} Symposium on Principles
	of Programming Languages, {POPL} 2010, Madrid, Spain, January 17-23,
	2010},
	pages     = {313--326},
	year      = {2010},
	doi       = {10.1145/1706299.1706337},
}

@inproceedings{Solar-LezamaRBE05,
  author    = {Armando Solar{-}Lezama and
               Rodric M. Rabbah and
               Rastislav Bod{\'{\i}}k and
               Kemal Ebcioglu},
  title     = {Programming by sketching for bit-streaming programs},
  booktitle = {Proceedings of the {ACM} {SIGPLAN} 2005 Conference on Programming
               Language Design and Implementation, Chicago, IL, USA, June 12-15,
               2005},
  pages     = {281--294},
  year      = {2005},
  doi       = {10.1145/1065010.1065045},  
}

@inproceedings{solar2006combinatorial,
	author    = {Armando Solar{-}Lezama and
	Liviu Tancau and
	Rastislav Bod{\'{\i}}k and
	Sanjit A. Seshia and
	Vijay A. Saraswat},
	title     = {Combinatorial sketching for finite programs},
	booktitle = {Proceedings of the 12th International Conference on Architectural
	Support for Programming Languages and Operating Systems, {ASPLOS}
	2006, San Jose, CA, USA, October 21-25, 2006},
	pages     = {404--415},
	year      = {2006},
	doi       = {10.1145/1168857.1168907},
}



@Misc{SosyToast,
	author = {Heinz Riener and Rudiger Ehlers},
	title = {absTract sOlution Analyzing Synthesis Tool (System Description)},
	month = {June},
	year = {2015},
	note = {Private Communication}
}



@inproceedings{starexec,
	author    = {Aaron Stump and
	Geoff Sutcliffe and
	Cesare Tinelli},
	title     = {StarExec: {A} Cross-Community Infrastructure for Logic Solving},
	booktitle = {Automated Reasoning - 7th International Joint Conference, {IJCAR}
	2014, Held as Part of the Vienna Summer of Logic, {VSL} 2014, Vienna,
	Austria, July 19-22, 2014. Proceedings},
	pages     = {367--373},
	year      = {2014},
	doi       = {10.1007/978-3-319-08587-6_28},
}

@article{blinkfill,
	author    = {Rishabh Singh},
	title     = {BlinkFill: Semi-supervised Programming By Example for Syntactic String
	Transformations},
	journal   = {{PVLDB}},
	volume    = {9},
	number    = {10},
	pages     = {816--827},
	year      = {2016},
}
@article{cacm12,
  author    = {Sumit Gulwani and
               William R. Harris and
               Rishabh Singh},
  title     = {Spreadsheet data manipulation using examples},
  journal   = {Commun. {ACM}},
  volume    = {55},
  number    = {8},
  pages     = {97--105},
  year      = {2012},
  doi       = {10.1145/2240236.2240260},
  
}

@inproceedings{flashfill,
  author    = {Sumit Gulwani},
  title     = {Automating string processing in spreadsheets using input-output examples},
  booktitle = {POPL},
  pages     = {317--330},
  year      = {2011}
}

@inproceedings{storyboard1,
  author    = {Rishabh Singh and
               Armando Solar{-}Lezama},
  title     = {Synthesizing data structure manipulations from storyboards},
  booktitle = {FSE},
  pages     = {289--299},
  year      = {2011},
  doi       = {10.1145/2025113.2025153},
  
}

@inproceedings{storyboard2,
  author    = {Rishabh Singh and
               Armando Solar{-}Lezama},
  title     = {{SPT:} Storyboard Programming Tool},
  booktitle = {CAV},
  pages     = {738--743},
  year      = {2012},
  doi       = {10.1007/978-3-642-31424-7_58},    
}

@inproceedings{types1,
  author    = {Peter{-}Michael Osera and
               Steve Zdancewic},
  title     = {Type-and-example-directed program synthesis},
  booktitle = {PLDI},
  pages     = {619--630},
  year      = {2015},
  doi       = {10.1145/2737924.2738007},
  
}

@inproceedings{types2,
  author    = {John K. Feser and
               Swarat Chaudhuri and
               Isil Dillig},
  title     = {Synthesizing data structure transformations from input-output examples},
  booktitle = {PLDI},
  pages     = {229--239},
  year      = {2015},
  doi       = {10.1145/2737924.2737977},  
}

@inproceedings{parsersynthesis,
  author    = {Alan Leung and
               John Sarracino and
               Sorin Lerner},
  title     = {Interactive parser synthesis by example},
  booktitle = {PLDI},
  pages     = {565--574},
  year      = {2015},
  doi       = {10.1145/2737924.2738002},
  
}

@inproceedings{refactoring,
  author    = {Veselin Raychev and
               Max Sch{\"{a}}fer and
               Manu Sridharan and
               Martin T. Vechev},
  title     = {Refactoring with synthesis},
  booktitle = {OOPSLA},
  pages     = {339--354},
  year      = {2013},
  doi       = {10.1145/2509136.2509544},  
}




@inproceedings{Saha0M15,
	author    = {Shambwaditya Saha and
	Pranav Garg and
	P. Madhusudan},
	title     = {Alchemist: Learning Guarded Affine Functions},
	booktitle = {Computer Aided Verification - 27th International Conference, {CAV}
	2015, San Francisco, CA, USA, July 18-24, 2015, Proceedings, Part
	{I}},
	pages     = {440--446},
	year      = {2015},
	doi       = {10.1007/978-3-319-21690-4_26},
}

@inproceedings{GLMN14,
	author    = {Pranav Garg and
	Christof L{\"{o}}ding and
	P. Madhusudan and
	Daniel Neider},
	title     = {{ICE:} {A} Robust Framework for Learning Invariants},
	booktitle = {Computer Aided Verification - 26th International Conference, {CAV}
	2014, Held as Part of the Vienna Summer of Logic, {VSL} 2014, Vienna,
	Austria, July 18-22, 2014. Proceedings},
	pages     = {69--87},
	year      = {2014},
    doi       = {10.1007/978-3-319-08867-9_5},
	
}

@inproceedings{EldibWW16,
	author    = {Hassan Eldib and
	Meng Wu and
	Chao Wang},
	title     = {Synthesis of Fault-Attack Countermeasures for Cryptographic Circuits},
	booktitle = {Computer Aided Verification - 28th International Conference, {CAV}
	2016, Toronto, ON, Canada, July 17-23, 2016, Proceedings, Part {II}},
	pages     = {343--363},
	year      = {2016},
    doi       = {10.1007/978-3-319-41540-6_19},
	
}

@inproceedings{CN16,
	author    = {Sarah Chasins and Julie Newcomb},
	title     = {Using SyGuS to Synthesize Reactive Motion Plans },
	booktitle = {5th Workshop on Synthesis, {SYNT}
	2016, Toronto, ON, Canada, July 17-23, 2016, Proceedings, Part {II}},
	year      = {2016},
}

@inproceedings{AlurRU17,
	author    = {Rajeev Alur and
	Arjun Radhakrishna and
	Abhishek Udupa},
	title     = {Scaling Enumerative Program Synthesis via Divide and Conquer},
	booktitle = {Tools and Algorithms for the Construction and Analysis of Systems
	- 23rd International Conference, {TACAS} 2017, Held as Part of the
	European Joint Conferences on Theory and Practice of Software, {ETAPS}
	2017, Uppsala, Sweden, April 22-29, 2017, Proceedings, Part {I}},
	pages     = {319--336},
	year      = {2017},
	doi       = {10.1007/978-3-662-54577-5_18},
}

@inproceedings{UdupaRDMMA13,
	author    = {Abhishek Udupa and
	Arun Raghavan and
	Jyotirmoy V. Deshmukh and
	Sela Mador{-}Haim and
	Milo M. K. Martin and
	Rajeev Alur},
	title     = {{TRANSIT:} specifying protocols with concolic snippets},
	booktitle = {{ACM} {SIGPLAN} Conference on Programming Language Design and Implementation,
	{PLDI} '13, Seattle, WA, USA, June 16-19, 2013},
	pages     = {287--296},
	year      = {2013},
	doi       = {10.1145/2462156.2462174},
}

@inproceedings{ReynoldsDKTB15,
	author    = {Andrew Reynolds and
	Morgan Deters and
	Viktor Kuncak and
	Cesare Tinelli and
	Clark W. Barrett},
	title     = {Counterexample-Guided Quantifier Instantiation for Synthesis in {SMT}},
	booktitle = {Computer Aided Verification - 27th International Conference, {CAV}
	2015, San Francisco, CA, USA, July 18-24, 2015, Proceedings, Part
	{II}},
	pages     = {198--216},
	year      = {2015},
	doi       = {10.1007/978-3-319-21668-3_12},
}

@misc{ReynoldsT17,
	author    = {Andrew Reynolds and
	Cesare Tinelli},
	title     = {{SyGuS} Techniques in the Core of an {SMT} Solver},
	year      = {2017},
	note       = {To appear in this issue.},
}


@inproceedings{PadhiSM16,
	author    = {Saswat Padhi and
	Rahul Sharma and
	Todd D. Millstein},
	title     = {Data-driven precondition inference with learned features},
	booktitle = {Proceedings of the 37th {ACM} {SIGPLAN} Conference on Programming
	Language Design and Implementation, {PLDI} 2016, Santa Barbara, CA,
	USA, June 13-17, 2016},
	pages     = {42--56},
	year      = {2016},
	doi       = {10.1145/2908080.2908099},
}

@article{PadhiM17,
	author    = {Saswat Padhi and
	Todd D. Millstein},
	title     = {Data-Driven Loop Invariant Inference with Automatic Feature Synthesis},
	journal   = {CoRR},
	volume    = {abs/1707.02029},
	year      = {2017},
	url       = {http://arxiv.org/abs/1707.02029},
	timestamp = {Sat, 05 Aug 2017 14:56:24 +0200},
	biburl    = {http://dblp.uni-trier.de/rec/bib/journals/corr/PadhiM17},
	bibsource = {dblp computer science bibliography, http://dblp.org}
}

