@article{EzudheenND0M18,
  author    = {P. Ezudheen and
               Daniel Neider and
               Deepak D'Souza and
               Pranav Garg and
               P. Madhusudan},
  title     = "Horn-ICE Learning for Synthesizing Invariants and Contracts",
  journal   = "PACMPL",
  volume    = {2},
  number    = "OOPSLA",
  pages     = {131:1--131:25},
  year      = {2018},
}

@inproceedings{AlurCAV15,
  author    = {Rajeev Alur and
               Pavol Cern{\'{y}} and
               Arjun Radhakrishna},
  title     = {Synthesis Through Unification},
  booktitle = "Computer Aided Verification - 27th International Conference, CAV,
               Proceedings, Part II",
  pages     = {163--179},
  year      = {2015},
}


@article{RaghothamanU14,
	author    = {Mukund Raghothaman and Abhishek Udupa},
	title     = {Language to Specify Syntax-Guided Synthesis Problems},
	journal   = {CoRR},
	volume    = {abs/1405.5590},
	year      = {2014},
	timestamp = {Mon, 02 Jun 2014 08:30:36 +0200}, 
}

@inproceedings{SyGuSComp17,
  author    = {Rajeev Alur and Dana Fisman and Rishabh Singh and Armando Solar{-}Lezama},
  title     = {SyGuS-Comp 2017: Results and Analysis},
  booktitle = {Proceedings of the Sixth Workshop on Synthesis, SYNT@CAV},
  series    = "EPTCS",
  volume    = {260},
  pages     = {97--115},
  year      = {2017},
}

@incollection{AlurBDF0JKMMRSSSSTU15,
  author    = {Rajeev Alur and
               Rastislav Bod{\'{\i}}k and
               Eric Dallal and
               Dana Fisman and
               Pranav Garg and
               Garvit Juniwal and
               Hadas Kress{-}Gazit and
               P. Madhusudan and
               Milo M. K. Martin and
               Mukund Raghothaman and
               Shambwaditya Saha and
               Sanjit A. Seshia and
               Rishabh Singh and
               Armando Solar{-}Lezama and
               Emina Torlak and
               Abhishek Udupa},
  title     = "Syntax-Guided Synthesis",
  booktitle = {Dependable Software Systems Engineering},
  pages     = {1--25},
  year      = {2015},
  publisher = "IOS Press", 
}

@inproceedings{AlurBJMRSSSTU13,
  author    = {Rajeev Alur and
               Rastislav Bod{\'{\i}}k and
               Garvit Juniwal and
               Milo M. K. Martin and
               Mukund Raghothaman and
               Sanjit A. Seshia and
               Rishabh Singh and
               Armando Solar{-}Lezama and
               Emina Torlak and
               Abhishek Udupa},
  title     = "Syntax-Guided Synthesis",
  booktitle = {Formal Methods in Computer-Aided Design, {FMCAD} 2013, Portland, OR,
               USA, October 20-23, 2013},
  pages     = {1--8},
  year      = {2013},
}

@inproceedings{GNMR16,
	author    = {Pranav Garg and Daniel Neider and P. Madhusudan and Dan Roth},
	title     = "Learning Invariants using Decision Trees and Implication Counterexamples",
	booktitle = {Proceedings of the 43rd Annual {ACM} {SIGPLAN-SIGACT} Symposium on
	             Principles of Programming Languages, {POPL}},
	pages     = {499--512},
	year      = {2016},
}

@inproceedings{ReynoldsDKTB15,
  author    = {Andrew Reynolds and
               Morgan Deters and
               Viktor Kuncak and
               Cesare Tinelli and
               Clark W. Barrett},
  title     = "Counterexample-Guided Quantifier Instantiation for Synthesis in SMT",
  booktitle = {Computer Aided Verification - 27th International Conference, {CAV},
               Proceedings, Part {II}},
  pages     = {198--216},
  year      = {2015},
}

@misc{smtlib,
	author = {Clark Barrett and Aaron Stump and
	Cesare Tinelli},
	title = {The SMT-LIB Standard â€“ Version 2.0},
	date = {2003},
}

@inproceedings{starexec,
	author    = {Aaron Stump and Geoff Sutcliffe and Cesare Tinelli},
	title     = "StarExec: A Cross-Community Infrastructure for Logic Solving",
	booktitle = {Automated Reasoning - 7th International Joint Conference, {IJCAR}, Proceedings},
	pages     = {367--373},
	year      = {2014},
}

@inproceedings{AlurRU17,
	author    = {Rajeev Alur and Arjun Radhakrishna and Abhishek Udupa},
	title     = {Scaling Enumerative Program Synthesis via Divide and Conquer},
	booktitle = {Tools and Algorithms for the Construction and Analysis of Systems
	             - 23rd International Conference, {TACAS}, Held as Part of the
	             European Joint Conferences on Theory and Practice of Software, {ETAPS}, Proceedings, Part {I}},
	pages     = {319--336},
	year      = {2017},
}

@inproceedings{UdupaRDMMA13,
	author    = {Abhishek Udupa and
               Arun Raghavan and
               Jyotirmoy V. Deshmukh and
               Sela Mador{-}Haim and
               Milo M. K. Martin and
               Rajeev Alur},
	title     = "TRANSIT: Specifying Protocols with Concolic Snippets",
	booktitle = {{ACM} {SIGPLAN} Conference on Programming Language Design and Implementation, {PLDI}},
	pages     = {287--296},
	year      = {2013},
}

@misc{ReynoldsT17,
  author    = {Andrew Reynolds and Cesare Tinelli},
  title     = {SyGuS Techniques in the Core of an {SMT} Solver},
  booktitle = {Proceedings Sixth Workshop on Synthesis, SYNT@CAV},
  series    = "EPTCS",
  volume    = {260},
  pages     = {81--96},
  year      = {2017},
}


@inproceedings{PadhiSM16,
	author    = {Saswat Padhi and Rahul Sharma and Todd D. Millstein},
	title     = {Data-driven precondition inference with learned features},
	booktitle = {Proceedings of the 37th {ACM} {SIGPLAN} Conference on Programming
	             Language Design and Implementation, {PLDI}},
	pages     = {42--56},
	year      = {2016},
}

@article{PadhiM17,
	author    = {Saswat Padhi and Rahul Sharma and Todd D. Millstein},
	title     = {LoopInvGen: A Loop Invariant Generator based on Precondition Inference},
	journal   = {CoRR},
	volume    = {abs/1707.02029},
	year      = {2017},
}